%% This BibTeX bibliography file was created using BibDesk.
%% http://bibdesk.sourceforge.net/

%% Created for Clebson Graeff at 2016-09-29 16:22:26 -0300 


%% Saved with string encoding Unicode (UTF-8) 



@article{Pais2016,
	Author = {Pais, Helena and Menezes, Débora P. and Providência, Constança},
	Date-Modified = {2016-09-29 19:21:34 +0000},
	Doi = {10.1103/PhysRevC.93.065805},
	Issue = {6},
	Journal = {Phys. Rev. C},
	Month = {Jun},
	Numpages = {12},
	Pages = {065805},
	Publisher = {American Physical Society},
	Title = {{Neutron stars: From the inner crust to the core with the (extended) Nambu--Jona-Lasinio model}},
	Url = {http://link.aps.org/doi/10.1103/PhysRevC.93.065805},
	Volume = {93},
	Year = {2016},
	Bdsk-Url-1 = {http://link.aps.org/doi/10.1103/PhysRevC.93.065805},
	Bdsk-Url-2 = {http://dx.doi.org/10.1103/PhysRevC.93.065805}}

@article{Buballa2005,
	Author = {Michael Buballa},
	Date-Modified = {2016-09-29 19:22:03 +0000},
	Doi = {http://dx.doi.org/10.1016/j.physrep.2004.11.004},
	Issn = {0370-1573},
	Journal = {Physics Reports},
	Keywords = {Compact stars},
	Number = {4--6},
	Pages = {205 - 376},
	Title = {{NJL--model analysis of dense quark matter}},
	Url = {http://www.sciencedirect.com/science/article/pii/S037015730400506X},
	Volume = {407},
	Year = {2005},
	Bdsk-Url-1 = {http://www.sciencedirect.com/science/article/pii/S037015730400506X},
	Bdsk-Url-2 = {http://dx.doi.org/10.1016/j.physrep.2004.11.004}}

@article{Buballa1996,
	Author = {Michael Buballa},
	Date-Modified = {2016-09-29 19:22:15 +0000},
	Doi = {http://dx.doi.org/10.1016/S0375-9474(96)00314-4},
	Issn = {0375-9474},
	Journal = {Nuclear Physics A},
	Number = {4},
	Pages = {393 - 408},
	Title = {{The problem of matter stability in the Nambu--Jona-Lasinio model}},
	Url = {http://www.sciencedirect.com/science/article/pii/S0375947496003144},
	Volume = {611},
	Year = {1996},
	Bdsk-Url-1 = {http://www.sciencedirect.com/science/article/pii/S0375947496003144},
	Bdsk-Url-2 = {http://dx.doi.org/10.1016/S0375-9474(96)00314-4}}

@article{Lee2013,
	Abstract = {The quark--hadron phase transition at finite temperature and baryon chemical potential is investigated in an extended Nambu--Jona-Lasinio (NJL) model with scalar--vector eight-point interaction by comparing the pressure of symmetric nuclear matter with that of the quark matter. As a result, the extended NJL phase diagram is obtained in the temperature--baryon chemical potential plane and the effects of the scalar--vector coupling constant $G_{sv}^q$ on the chiral phase transition are summarized. In our investigation, the quark--hadron phase transition occurs after the chiral phase transition in the nuclear matter. It is shown that a quarkyonic-like phase, in which the chiral symmetry is restored but the elementary excitation modes are nucleonic, appears just before deconfinement in this model.},
	Author = {Lee, Tong-Gyu and Tsue, Yasuhiko and da Provid{\^e}ncia, Jo{\~a}o and Provid{\^e}ncia, Constan{\c c}a and Yamamura, Masatoshi},
	Date-Modified = {2016-09-29 19:21:42 +0000},
	Doi = {10.1093/ptep/pts055},
	Eprint = {http://ptep.oxfordjournals.org/content/2013/1/013D02.full.pdf+html},
	Journal = {Progress of Theoretical and Experimental Physics},
	Number = {1},
	Title = {{Quark--hadron phase transition in an extended Nambu--Jona-Lasinio model with scalar--vector interaction: Finite temperature and baryon chemical potential case}},
	Url = {http://ptep.oxfordjournals.org/content/2013/1/013D02.abstract},
	Volume = {2013},
	Year = {2013},
	Bdsk-Url-1 = {http://ptep.oxfordjournals.org/content/2013/1/013D02.abstract},
	Bdsk-Url-2 = {http://dx.doi.org/10.1093/ptep/pts055}}

@article{Tsue2010,
	Abstract = {The quark-hadron phase transition at finite baryon chemical potential is investigated in the extended Nambu-Jona-Lasinio model in which the scalar-vector eight-point interaction is included holding the chiral symmetry. By comparing the pressure of the symmetric nuclear matter with that of the quark matter, the realized phase at given baryon density is determined. As a result, the first order quark-hadron phase transition is derived where the deconfinement transition occurs after the chiral symmetry restoration in this model.},
	Author = {Tsue, Yasuhiko and da Provid{\^e}ncia, Jo{\~a}o and Provid{\^e}ncia, Constan{\c c}a and Yamamura, Masatoshi},
	Date-Modified = {2016-09-29 19:21:55 +0000},
	Doi = {10.1143/PTP.123.1013},
	Eprint = {http://ptp.oxfordjournals.org/content/123/6/1013.full.pdf+html},
	Journal = {Progress of Theoretical Physics},
	Number = {6},
	Pages = {1013-1028},
	Title = {{First-Order Quark-Hadron Phase-Transition in a NJL-Type Model for Nuclear and Quark Matter: --- The Case of Symmetric Nuclear Matter ---}},
	Url = {http://ptp.oxfordjournals.org/content/123/6/1013.abstract},
	Volume = {123},
	Year = {2010},
	Bdsk-Url-1 = {http://ptp.oxfordjournals.org/content/123/6/1013.abstract},
	Bdsk-Url-2 = {http://dx.doi.org/10.1143/PTP.123.1013}}

@article{Menezes2003,
	Author = {Menezes, D. P. and Provid\^encia, C.},
	Date-Modified = {2016-09-29 19:22:09 +0000},
	Doi = {10.1103/PhysRevC.68.035804},
	Issue = {3},
	Journal = {Phys. Rev. C},
	Month = {Sep},
	Numpages = {11},
	Pages = {035804},
	Publisher = {American Physical Society},
	Title = {{Warm stellar matter with deconfinement: Application to compact stars}},
	Url = {http://link.aps.org/doi/10.1103/PhysRevC.68.035804},
	Volume = {68},
	Year = {2003},
	Bdsk-Url-1 = {http://link.aps.org/doi/10.1103/PhysRevC.68.035804},
	Bdsk-Url-2 = {http://dx.doi.org/10.1103/PhysRevC.68.035804}}

@article{Koch1987,
	Author = {Volker Koch and Tamas S. Biro and Jutta Kunz and Ulrich Mosel},
	Date-Modified = {2016-09-29 19:22:22 +0000},
	Doi = {http://dx.doi.org/10.1016/0370-2693(87)91517-6},
	Issn = {0370-2693},
	Journal = {Physics Letters B},
	Number = {1},
	Pages = {1 - 5},
	Title = {{A chirally invariant fermionic field theory for nuclear matter}},
	Url = {http://www.sciencedirect.com/science/article/pii/0370269387915176},
	Volume = {185},
	Year = {1987},
	Bdsk-Url-1 = {http://www.sciencedirect.com/science/article/pii/0370269387915176},
	Bdsk-Url-2 = {http://dx.doi.org/10.1016/0370-2693(87)91517-6}}

@article{Cavagnoli2011,
	Author = {Cavagnoli, Rafael and Providência, Constança and Menezes, Debora P.},
	Date-Modified = {2016-09-29 19:21:49 +0000},
	Doi = {10.1103/PhysRevC.83.045201},
	Issue = {4},
	Journal = {Phys. Rev. C},
	Month = {Apr},
	Numpages = {16},
	Pages = {045201},
	Publisher = {American Physical Society},
	Title = {{Hadron-quark phase transition in asymmetric matter with boson condensation}},
	Url = {http://link.aps.org/doi/10.1103/PhysRevC.83.045201},
	Volume = {83},
	Year = {2011},
	Bdsk-Url-1 = {http://link.aps.org/doi/10.1103/PhysRevC.83.045201},
	Bdsk-Url-2 = {http://dx.doi.org/10.1103/PhysRevC.83.045201}}
