%% This BibTeX bibliography file was created using BibDesk.
%% http://bibdesk.sourceforge.net/

%% Created for Clebson Graeff at 2016-07-04 15:51:06 -0300 


%% Saved with string encoding Unicode (UTF-8) 



@book{NumericalRecipes,
	Author = {William H. Press and Saul A. Teukolsky and William T. Vetterling and Brian P. Flanerry},
	Date-Added = {2016-07-04 18:37:33 +0000},
	Date-Modified = {2016-07-04 18:42:38 +0000},
	Edition = {Third Edition},
	Publisher = {Cambridge University Press},
	Title = {Numerical Recipes},
	Year = {2007}}

@article{Asakawa1989,
	Author = {Masayuki Asakawa and Koichi Yazaki},
	Date-Added = {2016-06-01 19:48:29 +0000},
	Date-Modified = {2016-07-04 18:46:23 +0000},
	Journal = {Nuclear Physics A},
	Pages = {668-684},
	Title = {Chiral restoration at finite density and temperature},
	Volume = {504},
	Year = {1989}}

@article{Glendenning1983,
	Author = {N. K. Glendenning and B. Banerjee and M. Gyulassy},
	Date-Added = {2016-05-04 17:34:14 +0000},
	Date-Modified = {2016-07-04 18:47:32 +0000},
	Journal = {Ann. Phys.},
	Title = {Normal and Pion-Condensed States in Neutron Star Matter in a Relativistic Field Theory Constrained by Bulk Nuclear Properties},
	Year = {1983}}

@article{Avancini2006,
	Author = {S. S. Avancini and D. P. Menezes},
	Date-Added = {2016-03-29 18:48:35 +0000},
	Date-Modified = {2016-07-04 18:46:35 +0000},
	Journal = {Physical Review C},
	Number = {015201},
	Title = {Density dependent parametrization models: Formalism and applications},
	Volume = {74},
	Year = {2006}}

@article{Avancini2004,
	Author = {S. S. Avancini and M. E. Bracco and M. Chiapparini and D. P. Menezes},
	Date-Added = {2016-03-29 18:46:29 +0000},
	Date-Modified = {2016-07-04 18:46:05 +0000},
	Journal = {J. Phys. G: Nucl. Part. Phys.},
	Pages = {27-35},
	Title = {On the density-dependent hadron field theory at finite temperature and its thermodynamical consistency},
	Volume = {30},
	Year = {2004}}

@article{Buballa1996,
	Author = {Michael Buballa},
	Date-Added = {2016-03-15 17:45:03 +0000},
	Date-Modified = {2016-03-15 17:46:38 +0000},
	Journal = {Nuclear Physics A},
	Pages = {393-408},
	Title = {The problem of matter stability in the Nambu--Jona-Lasinio model},
	Volume = {611},
	Year = {1996}}

@book{Cohen,
	Author = {Cohen-Tannoudji},
	Date-Added = {2016-03-07 20:05:37 +0000},
	Date-Modified = {2016-03-07 20:06:46 +0000},
	Title = {Quantum Mechanics}}

@book{GreinerQM,
	Author = {W. Greiner},
	Date-Added = {2016-03-07 19:58:04 +0000},
	Date-Modified = {2016-03-07 20:04:16 +0000},
	Publisher = {Springer},
	Title = {Quantum Mechanics - An Introduction, 4th Edition}}

@article{PRC_68_035804_2003,
	Author = {D. P. Menezes and C. Provid{\^e}ncia},
	Date-Added = {2016-02-19 22:51:33 +0000},
	Date-Modified = {2016-07-04 18:50:06 +0000},
	Journal = {Physical Review C},
	Number = {035804},
	Title = {Warm stellar matter with deconfinement: Application to compact stars},
	Volume = {68},
	Year = {2003}}

@article{Pais,
	Author = {Helena Pais and D{\'e}bora P. Menezes and Constan{\c c}a Provid{\^e}ncia},
	Date-Added = {2016-02-19 18:24:10 +0000},
	Date-Modified = {2016-07-04 18:49:59 +0000},
	Title = {Neutron stars: from the inner crust to the core with the (Extended) Nambu-Jona-Lasinio model.}}

@article{CEP2,
	Author = {S. S. Avancini and D. P. Menezes, M. B. Pinto and C. Provid{\^e}ncia},
	Date-Added = {2016-02-19 18:00:11 +0000},
	Date-Modified = {2016-07-04 18:47:19 +0000},
	Journal = {Phys. Rev. D},
	Number = {091901},
	Volume = {85},
	Year = {2012}}

@article{CEP,
	Author = {Pedro Costa and M{\'a}rcio Ferreira and Hubert Hansen and D{\'e}bora P. Menezes and Constan{\c c}a Provid{\^e}ncia},
	Date-Added = {2016-02-19 17:59:09 +0000},
	Date-Modified = {2016-07-04 18:46:58 +0000},
	Journal = {Phys. Rev. D},
	Number = {056013},
	Volume = {89},
	Year = {2014}}

@article{Marcus2,
	Author = {Marcus B. Pinto and Volker Koch and J{\o}rgen Randrup},
	Date-Added = {2016-02-19 17:58:12 +0000},
	Date-Modified = {2016-07-04 18:49:13 +0000},
	Journal = {Phys. Rev. C},
	Number = {025203},
	Volume = {86},
	Year = {2012}}

@article{Marcus1,
	Author = {Lorenzo Ferroni and Volker Koch and Marcus B. Pinto},
	Date-Added = {2016-02-19 17:57:21 +0000},
	Date-Modified = {2016-07-04 18:49:02 +0000},
	Journal = {Phys. Rev. C},
	Number = {055205},
	Volume = {82},
	Year = {2010}}

@book{Satz,
	Author = {Helmut Satz},
	Date-Added = {2016-02-19 17:56:40 +0000},
	Date-Modified = {2016-02-19 17:57:16 +0000},
	Publisher = {Springer},
	Title = {The Physics of the Quark-Gluon Plasma (Lecture Notes inf Physics, 785)},
	Year = {2010}}

@article{Rafael,
	Author = {Rafael Cavagnoli and Constan{\c c}a Provid{\^e}ncia and D{\'e}bora P. Menezes},
	Date-Added = {2016-02-19 17:56:04 +0000},
	Date-Modified = {2016-07-04 18:50:48 +0000},
	Journal = {Phys. Rev. C},
	Number = {045201},
	Volume = {83},
	Year = {2011}}

@article{japoneses2,
	Author = {Yasuhiko Tsue and Jo{\~a}o da Provid{\^e}ncia and Constan{\c c}a Provid{\^e}ncia and Masatoshi Yamamura},
	Date-Added = {2016-02-19 17:55:14 +0000},
	Date-Modified = {2016-07-04 18:48:35 +0000},
	Journal = {Prog. Theor. Phys.},
	Number = {6},
	Pages = {1013-1028},
	Title = {First Order Quark-Hadron Phase Transition in the NJL-Type Nuclear and Quark Model},
	Volume = {123},
	Year = {2010}}

@article{japoneses,
	Author = {Tong-Gyu Lee and Yasuhiko Tsue and Jo{\~a}o da Provid{\^e}ncia and Constan{\c c}a Provid{\^e}ncia and Masatoshi Yamamura},
	Date-Added = {2016-02-19 17:54:23 +0000},
	Date-Modified = {2016-07-04 18:48:16 +0000},
	Journal = {Prog. Theor. Exp. Phys.},
	Title = {Quark--hadron phase transition in an extended Nambu--Jona-Lasinio model with scalar--vector interaction: Finite temperature and baryon chemical potential case},
	Volume = {013D02},
	Year = {2013}}

@article{NJLv,
	Author = {D{\'e}bora P. Menezes and Marcus B. Pinto and Luis B. Castro and Pedro Costa and Constan{\c c}a Provid{\^e}ncia},
	Date-Added = {2016-02-19 17:53:28 +0000},
	Date-Modified = {2016-07-04 18:49:40 +0000},
	Journal = {Phys. Rev. C},
	Number = {055207},
	Title = {Repulsive vector interaction in three-flavor magnetized quark and stellar matter},
	Volume = {89},
	Year = {2014}}

@article{Abuki,
	Author = {H. Abuki and R. Gatto and M. Ruggieri},
	Date-Added = {2016-02-19 17:52:32 +0000},
	Date-Modified = {2016-07-04 18:43:15 +0000},
	Journal = {Phys. Rev. D},
	Number = {074019},
	Volume = {80},
	Year = {2009}}

@book{Advances16,
	Author = {B. D. Serot and J. D. Walecka},
	Date-Added = {2016-02-19 17:51:20 +0000},
	Date-Modified = {2016-07-04 18:43:44 +0000},
	Editor = {J. W. Negele, E. Vogt},
	Publisher = {Plenum},
	Title = {Advances in nuclear physics},
	Volume = {16},
	Year = {1986}}

@article{Koch,
	Author = {Volker Koch and Tamas S. Biro and Jutta Kunz and Ulrich Mosel},
	Date-Added = {2016-02-19 17:50:25 +0000},
	Date-Modified = {2016-07-04 18:48:51 +0000},
	Journal = {Physics Letters B},
	Pages = {1-5},
	Volume = {185},
	Year = {1987}}

@article{Vogl,
	Author = {U. Vogl and W. Weise},
	Date-Added = {2016-02-19 17:48:39 +0000},
	Date-Modified = {2016-07-04 18:51:02 +0000},
	Journal = {Progress in Particle and Nuclear Physics},
	Pages = {195-272},
	Volume = {27},
	Year = {1991}}

@article{Schaefer,
	Author = {Thomas Sch{\"a}fer},
	Date-Added = {2016-02-19 17:48:11 +0000},
	Date-Modified = {2016-02-19 17:48:38 +0000},
	Journal = {arXiv:hep-ph/0304281v2}}

@book{Glendenning,
	Author = {Norman K. Glendenning},
	Date-Added = {2016-02-19 17:47:31 +0000},
	Date-Modified = {2016-02-19 17:48:05 +0000},
	Publisher = {Springer},
	Title = {Compact Stars, Second Edition},
	Year = {2000}}

@url{RHIC,
	Date-Added = {2016-02-19 17:46:11 +0000},
	Date-Modified = {2016-02-19 17:47:25 +0000},
	Title = {https://www.bnl.gov/atlas/collaboration.php},
	Urldate = {2015-10-01}}

@article{Stephanov2006,
	Author = {Mikhail Stephanov},
	Date-Added = {2016-02-19 17:45:38 +0000},
	Date-Modified = {2016-02-19 17:46:09 +0000},
	Journal = {arXiv:hep-lat/0701002v1}}

@article{Buballa,
	Author = {Michael Buballa},
	Date-Added = {2016-02-19 17:44:51 +0000},
	Date-Modified = {2016-03-15 17:49:09 +0000},
	Journal = {Physics Reports},
	Pages = {205-376},
	Title = {NJL-model analysis of dense quark matter},
	Volume = {407},
	Year = {2005}}

@article{MuellerSerot,
	Author = {Horst M{\"u}ller and Brian D. Serot},
	Date-Added = {2016-02-19 17:44:05 +0000},
	Date-Modified = {2016-07-04 18:49:19 +0000},
	Journal = {Phys. Rev. C},
	Number = {2072},
	Volume = {52},
	Year = {1995}}

@article{Stephanov2004,
	Author = {Mikhail Stephanov},
	Date-Added = {2016-02-19 17:43:35 +0000},
	Date-Modified = {2016-02-19 17:43:59 +0000},
	Journal = {arXiv:hep-ph/0402115v1}}

@article{Rischke,
	Author = {Dirk H. Rischke},
	Date-Added = {2016-02-19 17:42:36 +0000},
	Date-Modified = {2016-03-15 17:50:22 +0000},
	Journal = {Progress in Particle and Nucler Physics},
	Pages = {197-296},
	Title = {The quark-gluon plasma in equilibrium},
	Volume = {52},
	Year = {2004}}

@article{Weber,
	Author = {F. Weber},
	Date-Added = {2016-02-19 17:41:44 +0000},
	Date-Modified = {2016-03-15 17:49:42 +0000},
	Journal = {Progress in Particle and Nuclear Physics},
	Pages = {193-288},
	Title = {Strange quark matter and compact stars},
	Volume = {54},
	Year = {2005}}

@article{QGP4,
	Author = {Barbara V. Jack and Berndt M{\"u}ller},
	Date-Added = {2016-02-19 17:40:35 +0000},
	Date-Modified = {2016-07-04 18:50:37 +0000},
	Journal = {Science},
	Month = {July},
	Number = {6092},
	Pages = {310-314},
	Volume = {337},
	Year = {2012}}

@article{QGP3,
	Author = {Rainer Fries and Vincenzo Greco and Paul Sorensen},
	Date-Added = {2016-02-19 17:39:42 +0000},
	Date-Modified = {2016-07-04 18:50:30 +0000},
	Journal = {Annu. Rev. Nucl. Part. Sci.},
	Pages = {177-205},
	Volume = {58},
	Year = {2008}}

@article{QGP2,
	Author = {K. Aamodt and \emph{et al.}},
	Date-Added = {2016-02-19 17:38:38 +0000},
	Date-Modified = {2016-07-04 18:50:21 +0000},
	Journal = {Phys. Rev. Lett.},
	Number = {252302},
	Volume = {105},
	Year = {2010}}

@article{QGP1,
	Author = {J. Adams and \emph{et al.}},
	Date-Added = {2016-02-19 17:37:44 +0000},
	Date-Modified = {2016-07-04 18:50:14 +0000},
	Journal = {Nuclear Physics A},
	Pages = {102-183},
	Volume = {757},
	Year = {2005}}

@book{Mueller,
	Author = {Berndt M{\"u}ller},
	Date-Added = {2016-02-19 17:36:55 +0000},
	Date-Modified = {2016-02-19 17:37:41 +0000},
	Publisher = {Springer-Verlag},
	Title = {The Physics of the Quark-Gluon Plasma (Lecture Notes in Physics, 225)},
	Year = {1985}}

@article{Klevansky,
	Author = {S. P. Klevansky},
	Date-Added = {2016-02-19 17:36:11 +0000},
	Date-Modified = {2016-02-19 17:36:53 +0000},
	Journal = {Reviews of Modern Physics},
	Pages = {649},
	Volume = {64},
	Year = {1992}}

@article{Gross,
	Author = {David J. Gross and Robert D. Pisarski and Laurence G. Yaffe},
	Date-Added = {2016-02-19 17:35:01 +0000},
	Date-Modified = {2016-07-04 18:47:56 +0000},
	Journal = {Reviews of Modern Physics},
	Pages = {43},
	Volume = {53},
	Year = {1981}}

@book{GreinerQCDBook,
	Author = {W. Greiner and S. Schramm and E. Stein},
	Date-Added = {2016-02-19 17:33:10 +0000},
	Date-Modified = {2016-07-04 18:47:45 +0000},
	Publisher = {Springer},
	Title = {Quantum Chromodynamics, Second Edition},
	Year = {2002}}
